@Manual{aiims2020a,
  title	       = {{COVID-19} Preparedness document},
  organization  = {AIIMS, New Delhi},
  note	       = {27 March 2020}
}

@TechReport{ansualok20,
  author       = {Santosh Ansumali and Aloke Kumar},
  title	       = {A District-wise projection map for COVID-19 in
                  India},
  institution  = {JNCASR and IISc},
  year	       = 2020
}

@Manual{who19mar,
  title	       = {Operational considerations for case management of
                  COVID-19 in health facility and community },
  organization = {World Health Organisation},
  note	       = {19 March 2020}
}




